@article{Dirac1953888,
  title   = {The {Lorentz} transformation and absolute time},
  journal = {Physica },
  volume  = {19},
  number  = {1-–12},
  pages   = {888--896},
  year    = {1953},
  doi     = {10.1016/S0031-8914(53)80099-6},
  author  = {P. A. M. Dirac}
}

@article{Feynman1963118,
  title   = {The theory of a general quantum system interacting with a linear dissipative system},
  journal = {Annals of Physics },
  volume  = {24},
  pages   = {118--173},
  year    = {1963},
  doi     = {10.1016/0003-4916(63)90068-X},
  author  = {R. P Feynman and F. L {Vernon Jr.}}
}

rticle{oceans2011percentage,
  title={Percentage of total population living in coastal areas},
  author={Oceans, Seas},
  year={2011}
}
@article{barragán2015,
	title = {Analysis and trends of the world's coastal cities and agglomerations},
	author = {{Barragán}, Juan Manuel and {De Andrés}, {María}},
	year = {2015},
	month = {09},
	date = {2015-09},
	journal = {Ocean & Coastal Management},
	pages = {11--20},
	volume = {114},
	doi = {10.1016/j.ocecoaman.2015.06.004},
	url = {https://linkinghub.elsevier.com/retrieve/pii/S0964569115001544},
	langid = {en}
}
