
@article{kantunmanzano2018,
	title = {Submerged Groundwater Discharges as Source of Fecal Material in Protected Karstic Coastal Areas},
	author = {Kantun Manzano, Cristian and Arcega-Cabrera, Flor and Derrien, Morgane and {Nore√±a-Barroso}, Elsa and Herrera-Silveira, Jorge},
	year = {2018},
	month = {03},
	date = {2018-03-05},
	journal = {Geofluids},
	pages = {1--11},
	volume = {2018},
	doi = {10.1155/2018/9736260},
	url = {https://www.hindawi.com/journals/geofluids/2018/9736260/},
	langid = {en}
}
